<?xml version="1.0" encoding="UTF-8" standalone="no" ?> 
<Document xmlns="urn:iso:std:iso:20022:tech:xsd:pain.001.001.03">
<CstmrCdtTrfInitn>
<GrpHdr>
<MsgId>REF/789456/CCT001</MsgId> 
<CreDtTm>2010-02-20T09:30:05</CreDtTm> 
<NbOfTxs>2</NbOfTxs> 
<CtrlSum>1520000</CtrlSum> 
<InitgPty>
<Nm>TOTO Distribution SA</Nm> 
</InitgPty>
</GrpHdr>
<PmtInf>
<PmtInfId>LOT123456</PmtInfId> 
<PmtMtd>TRF</PmtMtd> 
<NbOfTxs>2</NbOfTxs> 
<CtrlSum>1520000</CtrlSum> 
<PmtTpInf>
<InstrPrty>NORM</InstrPrty>
</PmtTpInf>
<ReqdExctnDt>2010-02-28</ReqdExctnDt> 
<Dbtr>
<Nm>Societe S</Nm> 
</Dbtr>
<DbtrAcct>
<Id>
<IBAN>FR7621479632145698745632145</IBAN> 
</Id>
</DbtrAcct>
<DbtrAgt>
<FinInstnId>
<BIC>BANKFRPP</BIC> 
</FinInstnId>
</DbtrAgt>
<ChrgBr>DEBT</ChrgBr> 
<CdtTrfTxInf>
<PmtId>
<InstrId>Virement 458A</InstrId> 
<EndToEndId>SOC/1478/CC/TI001/01</EndToEndId> 
</PmtId>
<Amt>
<InstdAmt Ccy="USD">20000</InstdAmt> 
</Amt>
<CdtrAgt>
<FinInstnId>
      <BIC>PNPBUS33</BIC> 
</FinInstnId>
</CdtrAgt>
<Cdtr>
<Nm>USA Factory</Nm>
</Cdtr>
<CdtrAcct>
<Id>
   <Othr>
<Id>US29NWBK60161331926819</Id> 
   </Othr>
</Id>
</CdtrAcct>
<InstrForCdtrAgt>
<Cd>PHOB</Cd> 
</InstrForCdtrAgt>
<Purp>
<Cd>SCVE</Cd>
</Purp>
<RgltryRptg>
<Dtls>
<Cd>150</Cd> 
</Dtls>
</RgltryRptg>
<RmtInf>
<Ustrd>En reglement des factures numeros : 123456789 987456321 258741369</Ustrd> 
</RmtInf>
</CdtTrfTxInf>
<CdtTrfTxInf>
<PmtId>
<InstrId>Virement 458B</InstrId> 
<EndToEndId>SOC/1478/CC/TI001/02</EndToEndId> 
</PmtId>
<Amt>
<InstdAmt Ccy="JPY">1500000</InstdAmt> 
</Amt>
<CdtrAgt>
<FinInstnId>
<BIC>BANKDEFF</BIC> 
</FinInstnId>
</CdtrAgt>
<Cdtr>
<Nm>Japan Society</Nm>
</Cdtr>
<CdtrAcct>
<Id>
<IBAN>DE89370400440532013000</IBAN> 
</Id>
</CdtrAcct>
<Purp>
<Cd>SCVE</Cd>
</Purp>
<RgltryRptg>
<Dtls>
<Cd>150</Cd> 
</Dtls>
</RgltryRptg >
<RmtInf>
<Ustrd>En reglement des factures numeros : 321456789A 789456321B  852741370C</Ustrd> 
</RmtInf>
</CdtTrfTxInf>
</PmtInf>
   </CstmrCdtTrfInitn>
</Document>
